@article{jiang2005quorum,
  title={Quorum-based asynchronous power-saving protocols for IEEE 802.11 ad hoc networks},
  author={Jiang, Jehn-Ruey and Tseng, Yu-Chee and Hsu, Chih-Shun and Lai, Ten-Hwang},
  journal={Mobile Networks and Applications},
  year={2005},
  publisher={Springer-Verlag New York, Inc.}
}


@inproceedings{luk1997two,
  title={Two new quorum based algorithms for distributed mutual exclusion},
  author={Luk, Wai-Shing and Wong, Tien-Tsin},
  booktitle={Distributed Computing Systems, 1997., Proceedings of the 17th International Conference on},
  organization={IEEE}
}

@article{dunkels2011contikimac,
  title={The contikimac radio duty cycling protocol},
  author={Dunkels, Adam},
  year={2011},
  publisher={Swedish Institute of Computer Science}
}

@article{zeadally2012energy,
  title={Energy-efficient networking: past, present, and future},
  author={Zeadally, Sherali and Khan, Samee Ullah and Chilamkurti, Naveen},
  journal={The Journal of Supercomputing},
  year={2012},
  publisher={Springer}
}

@article{wang2015blinddate,
  title={BlindDate: A neighbor discovery protocol},
  author={Wang, Keyu and Mao, Xufei and Liu, Yunhao},
  journal={IEEE Transactions on Parallel and Distributed Systems},
  year={2015},
  publisher={IEEE}
}

@inproceedings{qiu2016talk,
  title={Talk more listen less: Energy-efficient neighbor discovery in wireless sensor networks},
  author={Qiu, Ying and Li, Shining and Xu, Xiangsen and Li, Zhigang},
  booktitle={Computer Communications, IEEE INFOCOM 2016-The 35th Annual IEEE International Conference on}
}

@inproceedings{dutta2008practical,
  title={Practical asynchronous neighbor discovery and rendezvous for mobile sensing applications},
  author={Dutta, Prabal and Culler, David},
  booktitle={Proceedings of the 6th ACM conference on Embedded network sensor systems},
  year={2008}
}

@inproceedings{sun2014hello,
  title={Hello: A generic flexible protocol for neighbor discovery},
  author={Sun, Wei and Yang, Zheng and Wang, Keyu and Liu, Yunhao},
  booktitle={INFOCOM, 2014 Proceedings IEEE}
}

@inproceedings{bakht2012searchlight,
  title={Searchlight: Won't you be my neighbor?},
  author={Bakht, Mehedi and Trower, Matt and Kravets, Robin Hilary},
  booktitle={Proceedings of the 18th annual international conference on Mobile computing and networking},
  year={2012},
  organization={ACM}
}

@inproceedings{chen2015heterogeneous,
  title={On heterogeneous neighbor discovery in wireless sensor networks},
  author={Chen, Lin and Fan, Ruolin and Bian, Kaigui and Gerla, Mario and Wang, Tao and Li, Xiaoming},
  booktitle={Computer Communications (INFOCOM), 2015 IEEE Conference on}
}

@inproceedings{kandhalu2010u,
  title={U-connect: a low-latency energy-efficient asynchronous neighbor discovery protocol},
  author={Kandhalu, Arvind and Lakshmanan, Karthik and Rajkumar, Ragunathan Raj},
  booktitle={Proceedings of the 9th ACM/IEEE international conference on information processing in sensor networks},
  year={2010},
  organization={ACM}
}

@article{wang2013gaussian,
  title={Gaussian versus uniform distribution for intrusion detection in wireless sensor networks},
  author={Wang, Yun and Fu, Weihuang and Agrawal, Dharma P},
  journal={IEEE Transactions on Parallel and Distributed systems},
  year={2013},
  publisher={IEEE}
}

@inproceedings{you2011aloha,
  title={ALOHA-like neighbor discovery in low-duty-cycle wireless sensor networks},
  author={You, Lizhao and Yuan, Zimu and Yang, Panlong and Chen, Guihai},
  booktitle={Wireless Communications and Networking Conference (WCNC), 2011 IEEE}
}

@inproceedings{mcglynn2001birthday,
  title={Birthday protocols for low energy deployment and flexible neighbor discovery in ad hoc wireless networks},
  author={McGlynn, Michael J and Borbash, Steven A},
  booktitle={Proceedings of the 2nd ACM international symposium on Mobile ad hoc networking \& computing},
  year={2001}
}

@inproceedings{song2014probabilistic,
  title={A probabilistic neighbor discovery algorithm in wireless ad hoc networks},
  author={Song, Taewon and Park, Hyunhee and Pack, Sangheon},
  booktitle={Vehicular Technology Conference (VTC Spring), 2014 IEEE 79th}
}

@inproceedings{vasudevan2009neighbor,
  title={Neighbor discovery in wireless networks and the coupon collector's problem},
  author={Vasudevan, Sudarshan and Towsley, Donald and Goeckel, Dennis and Khalili, Ramin},
  booktitle={Proceedings of the 15th annual international conference on Mobile computing and networking},
  year={2009},
  organization={ACM}
}

@article{sun2014energy,
  title={Energy-efficient neighbor discovery in mobile ad hoc and wireless sensor networks: A survey},
  author={Sun, Wei and Yang, Zheng and Zhang, Xinglin and Liu, Yunhao},
  journal={IEEE Communications Surveys \& Tutorials},
  year={2014}
}

@article{atzori2010internet,
  title={The internet of things: A survey},
  author={Atzori, Luigi and Iera, Antonio and Morabito, Giacomo},
  journal={Computer networks},
  year={2010},
  publisher={Elsevier}
}

@inproceedings{zhou2004impact,
  title={Impact of radio irregularity on wireless sensor networks},
  author={Zhou, Gang and He, Tian and Krishnamurthy, Sudha and Stankovic, John A},
  booktitle={Proceedings of the 2nd international conference on Mobile systems, applications, and services},
  year={2004},
  organization={ACM}
}

@inproceedings{daiya2011experimental,
  title={Experimental analysis of RSSI for distance and position estimation},
  author={Daiya, Vinita and Ebenezer, Jemimah and Murty, SAV Satya and Raj, Baldev},
  booktitle={Recent Trends in Information Technology (ICRTIT), 2011 International Conference on},
  organization={IEEE}
}


@inproceedings{hernandez2005comparative,
  title={A comparative measurement study the workload of wireless access points in campus networks},
  author={Hernandez-Campos, Felix and Papadopouli, Maria},
  booktitle={Personal, Indoor and Mobile Radio Communications, 2005. PIMRC 2005. IEEE 16th International Symposium on}
}

@misc{cunningham2002optimizing,
  title={Optimizing location-based mobile gaming applications},
  author={Cunningham, Robert},
  year={2002},
  month=may # "~31",
  publisher={Google Patents},
  note={US Patent App. 10/160,365}
}

@article{jones2001survey,
  title={A survey of energy efficient network protocols for wireless networks},
  author={Jones, Christine E and Sivalingam, Krishna M and Agrawal, Prathima and Chen, Jyh Cheng},
  journal={wireless networks},
  year={2001},
  publisher={Springer-Verlag New York, Inc.}
}

@inproceedings{qin2014software,
  title={A software defined networking architecture for the internet-of-things},
  author={Qin, Zhijing and Denker, Grit and Giannelli, Carlo and Bellavista, Paolo and Venkatasubramanian, Nalini},
  booktitle={Network Operations and Management Symposium (NOMS), 2014 IEEE}
}

@article{wang2015connectivity,
  title={Connectivity of multihop wireless networks with log-normal shadowing},
  author={Wang, Lixin and Wan, Peng-Jun and Washington, William},
  journal={Wireless Networks},
  year={2015},
  publisher={Springer}
}

@inproceedings{moscibroda2006complexity,
  title={The Complexity of Connectivity in Wireless Networks.},
  author={Moscibroda, Thomas and Wattenhofer, Roger},
  booktitle={Infocom},
  year={2006}
}

@book{meester1996continuum,
  title={Continuum percolation},
  author={Meester, Ronald and Roy, Rahul},
  year={1996},
  publisher={Cambridge University Press}
}

@inproceedings{lebhar2009unit,
  title={Unit disk graph and physical interference model: Putting pieces together},
  author={Lebhar, Emmanuelle and Lotker, Zvi},
  booktitle={Parallel \& Distributed Processing, 2009. IPDPS 2009. IEEE International Symposium on}
}

@article{akyildiz2002wireless,
  title={Wireless sensor networks: a survey},
  author={Akyildiz, Ian F and Su, Weilian and Sankarasubramaniam, Yogesh and Cayirci, Erdal},
  journal={Computer networks},
  year={2002},
  publisher={Elsevier}
}

@article{gupta2000capacity,
  title={The capacity of wireless networks},
  author={Gupta, Piyush and Kumar, Panganmala R},
  journal={IEEE Transactions on information theory},
  year={2000},
  publisher={IEEE}
}

@article{clark1990unit,
  title={Unit disk graphs},
  author={Clark, Brent N and Colbourn, Charles J and Johnson, David S},
  journal={Discrete mathematics},
  year={1990},
  publisher={Elsevier}
}

@article{werner2006deploying,
  title={Deploying a wireless sensor network on an active volcano},
  author={Werner-Allen, Geoffrey and Lorincz, Konrad and Ruiz, Mario and Marcillo, Omar and Johnson, Jeff and Lees, Jonathan and Welsh, Matt},
  journal={IEEE internet computing},
  year={2006},
  publisher={IEEE}
}

@inproceedings{suzuki2007high,
  title={A high-density earthquake monitoring system using wireless sensor networks},
  author={Suzuki, Makoto and Saruwatari, Shunsuke and Kurata, Narito and Morikawa, Hiroyuki},
  booktitle={Proceedings of the 5th international conference on Embedded networked sensor systems},
  year={2007},
  organization={ACM}
}

@article{wang2010l3sn,
  title={L3SN: A Level-Based, Large-Scale, Longevous Sensor Network System for Agriculture Information Monitoring},
  author={Wang, Yongcai and Wang, Yuexuan and Qi, Xiao and Xu, Liwen and Chen, Jinbiao and Wang, Guanyu},
  journal={Wireless Sensor Network},
  year={2010},
  publisher={Scientific Research Publishing}
}

@book{ding1996chinese,
  title={Chinese remainder theorem: applications in computing, coding, cryptography},
  author={Ding, Cunsheng and Pei, Dingyi and Salomaa, Arto},
  year={1996},
  publisher={World Scientific}
}

@inproceedings{bianchi1996performance,
  title={Performance evaluation and enhancement of the CSMA/CA MAC protocol for 802.11 wireless LANs},
  author={Bianchi, Giuseppe and Fratta, Luigi and Oliveri, Matteo},
  booktitle={Personal, Indoor and Mobile Radio Communications, 1996. PIMRC'96., Seventh IEEE International Symposium on}
}

@article{van2004lightweight,
  title={A lightweight medium access protocol (LMAC) for wireless sensor networks: Reducing preamble transmissions and transceiver state switches},
  author={Van Hoesel, Lodewijk FW and Havinga, Paul JM},
  year={2004},
  publisher={Society of Instrument and Control Engineers (SICE)}
}

@article{Motwani1995Randomized,
  title={Randomized Algorithms},
  author={Motwani, Rajeev and Raghavan, Prabhakax},
  journal={Acm Sigact News},
  year={1995},
}

@inproceedings{flammini2007real,
  title={A real-time wireless sensor network for temperature monitoring},
  author={Flammini, A and Marioli, D and Sisinni, E and Taroni, A},
  booktitle={Industrial Electronics, 2007. ISIE 2007. IEEE International Symposium on}
}

@inproceedings{huang2012easipled,
  title={EasiPLED: Discriminating the causes of packet losses and errors in indoor WSNs},
  author={Huang, Tingpei and Chen, Haiming and Zhang, Zhaoliang and Cui, Li},
  booktitle={Global Communications Conference (GLOBECOM), 2012 IEEE}
}

@inproceedings{zhang2017performance,
  title={Performance Analysis and Tuning of Coexisting Duty Cycling WiFi and Wireless Sensor Networks},
  author={Zhang, Wei and Zhou, Yuhan and Suresh, Mahima A and Stoleru, Radu},
  booktitle={Sensing, Communication, and Networking (SECON), 2017 14th Annual IEEE International Conference on}
}

@inproceedings{halldorsson2015well,
  title={How well can graphs represent wireless interference?},
  author={Halld{\'o}rsson, Magn{\'u}s M and Tonoyan, Tigran},
  booktitle={Proceedings of the forty-seventh annual ACM symposium on Theory of computing},
  year={2015}
}

@article{Wernerallen2006Deploying,
  title={Deploying a Wireless Sensor Network on an Active Volcano},
  author={Wernerallen, Geoffrey and Lorincz, Konrad and Welsh, Matt and Marcillo, Omar and Johnson, Jeff and Ruiz, Mario and Lees, Jonathan},
  journal={IEEE Internet Computing},
  volume={10},
  number={2},
  pages={18-25},
  year={2006},
}


@article{Atzori2010The,
  title={The Internet of Things: A survey},
  author={Atzori, Luigi and Iera, Antonio and Morabito, Giacomo},
  journal={Computer Networks},
  volume={54},
  number={15},
  pages={2787-2805},
  year={2010},
}

@inproceedings{Potdar2009Wireless,
  title={Wireless Sensor Networks: A Survey},
  author={Potdar, Vidyasagar and Sharif, Atif and Chang, Elizabeth},
  booktitle={International Conference on Advanced Information NETWORKING and Applications Workshops},
  pages={636-641},
  year={2009},
}